
This is a file `actapolymanual.bib' which contains bibliography
examples for the demonstration of `actapoly' bibliography style.

@book {Knuth1,
	author = {Knuth, Donald E.},
	title = {The art of computer programming. {V}ol.~1: {F}undamental algorithms},
	series = {Second printing},
	publisher = {Addison-Wesley Publishing Co., Reading, Mass.-London-Don Mills, Ont},
	year = {1969},
	pages = {xxi+634},
}

@incollection {TeXbook:D,
	author = {Donald E. Knuth},
	title = {Running {\TeX}},
	booktitle = {The {\TeX}book},
	chapter = {{23}},
	publisher = {Addison-Wesley Publishing Co., Reading},
	year = {1986},
}

@misc {booktabs,
	author = {Simon Fear and Danie Els},
	title = {{CTAN} web interface: {P}ackage booktabs},
	note = {[2012-06-24]},
	eprint = {http://www.ctan.org/pkg/booktabs},
}

@misc {msc,
	author = {{American Mathematical Society}},
	title = {2010 {M}athematics Subject Classification},
	eprint = {http://www.ams.org/mathscinet/msc/msc2010.html},
}

@misc {johndoe,
	author = {John Doe},
	title = {Example of an ar{X}iv reference},
	eprint = {http://arxiv.org/abs/0000.0000v1},
	archive = {arXiv:0000.0000v1},
}

@article {Ch,
	author = {Chandrasekhar, S.},
	title = {ON THE CONTINUOUS ABSORPTION COEFFICIENT OF THE NEGATIVE HYDROGEN ION .2.},
	journal = {Astrophys J},
	year = {1945},
	volume = {102},
	number = {3},
	pages = {395-401},
}

@manual {doi,
    organization = {DOI Foundation},
    title = {{DOI} {H}andbook},
    note = {\url{http://www.doi.org/hb.html}},
    year = {2014},
    doi = {10.1000/182},
}
	
@misc {abcdef,
    author = {Me},
    title = {Your {BibTeX} file can comprise as many items as you wish, and they will not be used in the document unless you cite them
      or you use the {\string\nocite} macro},
}


